{
  "revenueTrends": [
    {
      "company": "Alpha Corp",
      "quarterlyRevenue": [
        {"quarter": "Q1-2022", "revenue": 75.2},
        {"quarter": "Q2-2022", "revenue": 82.5},
        {"quarter": "Q3-2022", "revenue": 90.1},
        {"quarter": "Q4-2022", "revenue": 78.9},
        {"quarter": "Q1-2023", "revenue": 85.6},
        {"quarter": "Q2-2023", "revenue": 92.3},
        {"quarter": "Q3-2023", "revenue": 98.7},
        {"quarter": "Q4-2023", "revenue": 89.5}
      ]
    },
    {
      "company": "Beta Inc",
      "quarterlyRevenue": [
        {"quarter": "Q1-2022", "revenue": 155.3},
        {"quarter": "Q2-2022", "revenue": 165.8},
        {"quarter": "Q3-2022", "revenue": 178.2},
        {"quarter": "Q4-2022", "revenue": 190.5},
        {"quarter": "Q1-2023", "revenue": 205.1},
        {"quarter": "Q2-2023", "revenue": 220.7},
        {"quarter": "Q3-2023", "revenue": 235.4},
        {"quarter": "Q4-2023", "revenue": 250.0}
      ]
    },
    {
      "company": "Gamma LLC",
      "quarterlyRevenue": [
        {"quarter": "Q1-2022", "revenue": 95.7},
        {"quarter": "Q2-2022", "revenue": 102.3},
        {"quarter": "Q3-2022", "revenue": 110.0},
        {"quarter": "Q4-2022", "revenue": 98.5},
        {"quarter": "Q1-2023", "revenue": 105.2},
        {"quarter": "Q2-2023", "revenue": 112.9},
        {"quarter": "Q3-2023", "revenue": 120.6},
        {"quarter": "Q4-2023", "revenue": 109.4}
      ]
    },
    {
      "company": "Delta Co",
      "quarterlyRevenue": [
        {"quarter": "Q1-2022", "revenue": 65.9},
        {"quarter": "Q2-2022", "revenue": 70.4},
        {"quarter": "Q3-2022", "revenue": 77.1},
        {"quarter": "Q4-2022", "revenue": 68.2},
        {"quarter": "Q1-2023", "revenue": 72.5},
        {"quarter": "Q2-2023", "revenue": 79.8},
        {"quarter": "Q3-2023", "revenue": 85.3},
        {"quarter": "Q4-2023", "revenue": 76.5}
      ]
    }
  ]
}
